@article{ref1,
    author =    {S. Subashini and V. Kavitha},
    title =     {A Survey on Security Issues in Service Delivery Models of Cloud Computing},
    journal =   {Journal of Network and Computer Applications},
    volume =    {34},
    number =    {10},
    pages =     {1--11},
    year =      {2011}
}

@article{ref2,
    author =    {Dimitrios Zissis and Dimitrios Lekkas},
    title =     {Addressing Cloud Computing Security Issues},
    journal =   {Future Generation Computer Systems},
    volume =    {28},
    number =    {3},
    pages =     {589--592},
    year =      {2012}
}

@article{ref3,
    author =    { William R. Claycomb and Alex Nicoll},
    title =     {Insider Threats to Cloud Computing: Directions for New Research Challenges},
    conference = {Proceedings of IEEE International Conference on Computer Software and Applications},
    pages =     {388--394},
    year =      {2012}
}

@article{ref4,
    author =    {Dan Boneh, Giovanni Di Crescenzo, Rafail Ostrovsky, and Giuseppe Persiano},
    title =     {Public Key Encryption with Keyword Search},
    conference = {Proceedings of Eurocrypt},
    pages =     {506--522},
    year =      {2004}
}

@article{ref5,
    author =    {Jin Li, Qian Wang, Cong Wang, Ning Cao, Kui Ren, and Wenjing Lou},
    title =     {Fuzzy Keyword Search over Encrypted Data in Cloud Computing},
    conference = {Proceedings of IEEE INFOCOM},
    pages =     {441--445},
    year =      {2010}
}

@article{ref6,
    author =    {Ning Cao, Cong Wang, Ming Li, Kui Ren, and Wenjing Lou},
    title =     {Privacy-Preserving Multi-Keyword Ranked Search over Encrypted Cloud
Data},
    journal =   {IEEE Transactions on Parallel and Distributed Systems},
    volume =    {25},
    number =    {1},
    pages =     {222--233},
    year =      {2014},
    month =     {January}
}

@article{ref7,
    author =    {Wenhai Sun, Bing Wang, Ning Cao, Ming Li, Wenjing Lou, Thomas Y.
Hou, and Hui Li},
    title =     {Privacy-Preserving Multi-Keyword Text Search in the
Cloud Supporting Similarity-Based Ranking},
    conference = {Proceedings of the ACM Symposium on Information, Computer and Communications Security},
    pages =     {77--82},
    year =      {2013},
    month =     {May}
}

@article{ref8,
    author =    {Seny Kamara and Kristin Lauter},
    title =     {Cryptographic Cloud Storage},
    journal =   {Financial Cryptography and Data Security, Lecture Notes in Computer Science},
    volume =    {6054},
    pages =     {136--149},
    year =      {2010}
}

@article{ref9,
    author =    {Jean-Fran√ßois Raymond},
    title =     {Traffic Analysis: Protocols, Attacks, Design Issues, and Open Problems},
    journal =   {Designing Privacy Enhancing
Technologies, Lecture Notes in Computer Science},
    volume =    {2009},
    pages =     {10--29},
    year =      {2001},
    month =     {March}
}

@article{ref10,
    author =    {Steven T. Piantadosi},
    title =     {Zipf's Word Frequency Law in Natural Language: A Critical Review and Future Directions},
    journal =   {Psychonomic Bulletin \& Review},
    volume =    {21},
    number =    {5},
    pages =     {1112--1130},
    year =      {2014},
    month =     {October}
}

@article{ref11,
    author =    {Jin Wook Byun, Hyun Suk Rhee, Hyun-A Park, and Dong Hoon Lee},
    title =     {Off-Line Keyword Guessing Attacks on Recent Keyword Search Schemes over Encrypted Data},
    journal =   {Secure Data Management, Lecture Notes in Computer Science},
    volume =    {4165},
    pages =     {75--83},
    year =      {2006}
}

@article{ref12,
    author =    {Wei-Chuen Yau, Swee-Huay Heng, and Bok-Min Goi},
    title =     {Off-Line Keyword Guessing Attacks on Recent Public Key Encryption with Keyword
Search Schemes},
    conference = {Proceedings of the International Conference on Autonomic and Trusted Computing},
    pages =     {100--105},
    year =      {2008}
}

@article{ref13,
    author =    {Ik Rae Jeong, Jeong Ok Kwon, Dowon Hong, and Dong Hoon Lee},
    title =     {Constructing PEKS Schemes Secure against Keyword Guessing Attacks is Possible?},
    journal =   {Computer Communications Express},
    volume =    {32},
    number =    {2},
    pages =     {394--396},
    year =      {2009}
}

@article{ref14,
    author =    {Matthieu Rivain},
    title =     {On the Exact Success Rate of Side Channel Analysis in the Gaussian Model},
    journal =   {Selected Areas in Cryptography},
    volume =    {5381},
    pages =     {165--183},
    year =      {2009}
}

@article{ref15,
    author =    {Adrian Thillard, Emmanuel Prouff, and Thomas Roche},
    title =     {Success through Confidence: Evaluating the Effectiveness of a Side-Channel
Attack},
    journal =   {Cryptographic Hardware and Embedded Systems},
    volume =    {8086},
    pages =     {21--36},
    year =      {2013}
}

@article{ref16,
    author =    {Debashis Kusharya},
    title =     {Bootstrap Methods and Their Application},
    journal =   {Technometrics},
    volume =    {42},
    number =    {2},
    pages =     {216--217},
    year =      {2012},
    month =     {March}
}

@online{ref17,
    author =    {Resilience Engineering Association},
    title =     {About Resilience Engineering},
    url =       {http://www.resilience-engineering-association.org},
    urldate =   {February 16, 2015}
}
